@inproceedings{Heiner:2008:STD:1416222.1416242,
 author = {Heiner, Monika and Richter, Ronny and Schwarick, Martin},
 title = {Snoopy: A Tool to Design and Animate/Simulate Graph-based Formalisms},
 booktitle = {Proceedings of the 1st International Conference on Simulation Tools and Techniques for Communications, Networks and Systems \& Workshops},
 series = {Simutools '08},
 year = {2008},
 isbn = {978-963-9799-20-2},
 location = {Marseille, France},
 pages = {15:1--15:10},
 articleno = {15},
 numpages = {10},
 url = {http://dl.acm.org/citation.cfm?id=1416222.1416242},
 acmid = {1416242},
 publisher = {ICST (Institute for Computer Sciences, Social-Informatics and Telecommunications Engineering)},
 address = {ICST, Brussels, Belgium, Belgium},
 keywords = {animator, editor, model creation and execution, numerical integration algorithms, qualitative and quantitative petri nets, simulator},
}